<record><leader>00000cas a22000007a 4500</leader><controlfield tag="001">16837033</controlfield><controlfield tag="008">871009d18431848nyuwr ne      0    0eng d</controlfield><datafield ind1=" " ind2=" " tag="010"><subfield code="a">sn 87070307 </subfield></datafield><datafield ind1=" " ind2=" " tag="040"><subfield code="a">NYS</subfield><subfield code="b">eng</subfield><subfield code="c">NYS</subfield><subfield code="d">OCL</subfield><subfield code="d">OCLCQ</subfield><subfield code="d">OCLCF</subfield><subfield code="d">OCLCO</subfield></datafield><datafield ind1="1" ind2=" " tag="029"><subfield code="a">AU@</subfield><subfield code="b">000020129217</subfield></datafield><datafield ind1=" " ind2=" " tag="042"><subfield code="a">msc</subfield></datafield><datafield ind1=" " ind2=" " tag="043"><subfield code="a">n-us-ny</subfield></datafield><datafield ind1="0" ind2="0" tag="245"><subfield code="a">Livingston County Whig.</subfield></datafield><datafield ind1="1" ind2="3" tag="246"><subfield code="a">Livingston Whig</subfield></datafield><datafield ind1="1" ind2="3" tag="246"><subfield code="a">Weekly Whig</subfield></datafield><datafield ind1=" " ind2=" " tag="260"><subfield code="a">Mount Morris, N.Y. :</subfield><subfield code="b">Geo. B. Phelps,</subfield><subfield code="c">1843-</subfield></datafield><datafield ind1=" " ind2=" " tag="300"><subfield code="a">v.</subfield></datafield><datafield ind1=" " ind2=" " tag="310"><subfield code="a">Weekly</subfield></datafield><datafield ind1="0" ind2=" " tag="362"><subfield code="a">Vol. 1, no. 1 (Nov, 30, 1843)-</subfield></datafield><datafield ind1="1" ind2=" " tag="362"><subfield code="a">Ceased with Feb. 2, 1848 issue?</subfield></datafield><datafield ind1=" " ind2="0" tag="651"><subfield code="a">Mount Morris (N.Y.)</subfield><subfield code="v">Newspapers.</subfield></datafield><datafield ind1=" " ind2="7" tag="655"><subfield code="a">Newspapers.</subfield><subfield code="2">fast</subfield><subfield code="0">(OCoLC)fst01423814</subfield></datafield><datafield ind1=" " ind2="7" tag="651"><subfield code="a">New York (State)</subfield><subfield code="z">Mount Morris.</subfield><subfield code="2">fast</subfield><subfield code="0">(OCoLC)fst01211857</subfield></datafield><datafield ind1=" " ind2=" " tag="752"><subfield code="a">United States</subfield><subfield code="b">New York</subfield><subfield code="c">Livingston</subfield><subfield code="d">Mount Morris.</subfield></datafield><datafield ind1="1" ind2=" " tag="775"><subfield code="t">Mount Morris daily Whig</subfield><subfield code="w">(DLC)sn 83031229</subfield></datafield><datafield ind1="0" ind2="7" tag="785"><subfield code="t">Mount Morris spectator</subfield><subfield code="w">(DLC)sn 83031227</subfield></datafield><datafield ind1="0" ind2="7" tag="785"><subfield code="t">Livingston union</subfield><subfield code="w">(DLC)sn 83031228</subfield></datafield></record>